%% Saved with string encoding Unicode (UTF-8) 
@misc{threeparttable,
	Author = {Donald Arseneau},
	Date = {2003-06-13},
	Date-Added = {2016-08-12 14:51:40 +0000},
	Date-Modified = {2016-08-12 14:52:29 +0000},
	Howpublished = {{\CTAN{macros/latex/contrib/threeparttable}}},
	Title = {Tables with captions and notes all the same width}}

@misc{booktabs,
	Author = {Danie Els and Simon Fear},
	Date = {2016-04-27},
	Date-Added = {2016-08-12 14:48:01 +0000},
	Date-Modified = {2016-08-12 14:49:13 +0000},
	Howpublished = {{\CTAN{macros/latex/contrib/booktabs}}},
	Title = {Publication quality tables in {\LaTeX}}}

@misc{babel,
	Author = {Javier Bezos and Johannes L. Braams},
	Date = {2016-04-23},
	Date-Added = {2016-08-12 13:45:39 +0000},
	Date-Modified = {2016-08-12 13:46:44 +0000},
	Howpublished = {{\CTAN{macros/latex/required/babel/base}}},
	Title = {Multilingual support for Plain {\TeX} or {\LaTeX}}}

@misc{siunitx,
	Author = {Joseph Wright},
	Date = {2016-03-01},
	Date-Added = {2016-08-12 13:19:24 +0000},
	Date-Modified = {2016-08-12 13:20:13 +0000},
	Howpublished = {{\CTAN{macros/latex/contrib/siunitx}}},
	Title = {A comprehensive (SI) units package}}

@misc{l2tabu,
	Author = {Mark Trettin and Marc Ensenbach},
	Date = {2016-02-03},
	Date-Added = {2016-08-12 13:12:25 +0000},
	Date-Modified = {2016-08-12 13:19:17 +0000},
	Howpublished = {{\CTAN{info/l2tabu}}},
	Title = {Obsolete packages and commands}}

@article{DBLP:journals/cacm/Knuth74,
	Author = {Donald E. Knuth},
	Doi = {10.1145/361604.361612},
	Journal = {Commun. {ACM}},
	Number = {12},
	Pages = {667--673},
	Title = {{Computer Programming as an Art}},
	Volume = {17},
	Year = {1974}}
