@inproceedings{Triska2016,
  author    = "Markus Triska",
  title     = "The {Boolean} Constraint Solver of {SWI-Prolog}: System Description",
  booktitle = "FLOPS: Functional and Logic Programming. 13th International Symposium",
  series    = "LNCS",
  volume    = 9613,
  year      = 2016,
  pages     = "45--61"
}

@inproceedings{Tubella1994,
  author="Jordi Tubella and Antonio Gonz{\'a}lez",
  title="Combining depth-first and breadth-first search in Prolog execution",
  booktitle="GULP-PRODE",
  year="1994",
  pages="452-453"
}

@misc{Bartak1998,
    author    = "Roman Bartak",
    title     = "Meta-Interpreters. in \textit{Online Prolog Programming}",
    howpublished = "\url{http://kti.ms.mff.cuni.cz/~bartak/prolog/meta\_interpret.html}",
    year     = "1998"
 }


@misc{berger2004,
    author = "Shai Berger",
    title  = "PYTHOLOGIC - PROLOG SYNTAX IN PYTHON (PYTHON RECIPE)",
    howpublished = "\url{http://code.activestate.com/recipes/}",
    year = 2004,
    note     = "303057-pythologic-prolog-syntax-in-python/"
}

@misc{Bolz2007,
    author    = "Carl Friedrich Bolz",
    title     = "A Prolog Interpreter in Python.",
    howpublished = "\url{http://citeseerx.ist.psu.edu/viewdoc/download?doi=10.1.1.121.8625&rep=rep1&type=pdf}",
    year     = "2007"
}

@misc{Cesar2019,
    author    = "Bruno Kim Medeiros Cesar",
    title     = "Prol: a minimal, inefficient Prolog interpreter in a few LOCs of Python",
    howpublished = "\url{https://gist.github.com/brunokim/}",
    year = "2019"
}

@misc{Delford2009,
    author    = "Christophe Delord",
    title     = "PyLog",
    howpublished = "\url{http://cdsoft.fr/pylog/index.html}",
    year     = "2009"
}

@misc{Dhruv2018,
    author    = "Stuti Dhruv",
    title     = "The 5 best Programming Languages for AI Development",
    howpublished = "\url{https://www.aalpha.net/blog/the-5-best-programming-languages-for-ai-development/}",
    year     = "2009"
}

@misc{Frederiksen2011,
    author    = "Bruce Frederiksen",
    title     = "Pyke",
    year     = "2011",
    howpublished = "\url{http://pyke.sourceforge.net/}"
}

% @inbook{Kopec2019,
% 	author	= "David Kopec",
% 	title	= "Classic Computer Science Problems in Python",
% 	chapter	= "3 Constraint-satisfaction problems",
% 	pages	= "248 - 430",
% 	publisher= "Manning",
%     howpublished = "\url{https://freecontent.manning.com/constraint-satisfaction-problems-in-python/}",
% 	year	= "2019"
% }

@misc{Maxime2016,
    author    = "Istasse Maxime",
    title     = "Prology: Logic programming for Python3",
    howpublished = "\url{https://github.com/mistasse/Prology}",
    year     = "2016"
}

@misc{Mathur2018,
    author    = "Natasha Mathur",
    title     = "Top languages for Artificial Intelligence development
By Natasha Mathur - June 5, 2018 - 4:00 pm2433 0
",
    howpublished = "\url{https://hub.packtpub.com/top-languages-for-artificial-intelligence-development/}",
    year     = "2018"
}

@misc{Mehta2018,
    author = "Nisarg Mehta",
    title = "Top 5 Programming Languages for Building AI Solutions",
    howpublished = "\url{https://www.techtic.com/blog/top-5-programming-languages-building-ai-solutions}", 
    year = 2018
}

@misc{Meyers2015,
    author    = "Chris Meyers",
    title     = "Prolog in Python",
    howpublished = "\url{http://www.openbookproject.net/py4fun/prolog/prolog1.html}",
    year     = "2015"
}

@misc{Miljkovic2019,
    author    = "Nikola Miljkovic",
    title     = "Python Prolog Interpreter",
    howpublished = "\url{https://github.com/photonlines/Python-Prolog-Interpreter}",
    year     = "2019"
}

% @misc{Niemeyer2019,
%     author    = "Gustavo Niemeyer and Sébastien Celles",
%     title     = "python-constraint library. Pypi page: python-constraint",
%     note     = "Also discussed in Popović, Olivera (2019) Constraint Programming with python-constraint",
%     howpublished = "\url{https://stackabuse.com/constraint-programming-with-python-constraint/listofbuiltinconstraints}",
%     year     = "2019"
% }

@misc{Piumarta2017,
    author    = "Ian Piumarta",
    title     = "Lecture notes and slides from weeks 5-7 of a course on programming paradigms",
    howpublished = "\url{http://www.ritsumei.ac.jp/~piumarta/pl/}",
    year     = "2017"
}

@misc{Raturi2019,
    author    = "Gaurav Raturi",
    title     = "5 Best Programming Languages to choose for Developing Innovative AI Solutions",
    publisher= "medium.com",
    howpublished = "\url{https://becominghuman.ai/5-best-programming-languages-to-choose-for-developing-innovative-ai-solutions-bac000e00df2}",
    year     = "2019"
}

@misc{Rocklin2019,
    author    = "Matthew Rocklin",
    title     = "Kanren: Logic Programming in Python",
    howpublished = "\url{https://github.com/logpy/logpy/}",
    year     = "2019"
}

@misc{Sagar2019,
    author    = "Paresh Sagar",
    title     = "Powerful Programming Languages to Code your AI Application",
    publisher= "Manning",
    howpublished = "\url{https://medium.com/datadriveninvestor/powerful-programming-languages-to-code-your-ai-application-ef69429f7872}",
    year     = "2019"
}

@misc{Santini2018,
    author    = "Claudio Santini",
    title     = "Pampy: The Pattern Matching for Python you always dreamed of",
    howpublished = "\url{https://github.com/santinic/pampy}",
    year     = "2018"
}

@misc{Thompson2017,
    author    = "Jeff Thompson",
    title     = "Yield Prolog",
    howpublished = "\url{http://yieldprolog.sourceforge.net/}",
    year     = "2017"
}

@misc{Triska2020,
    author    = "Markus Triska",
    title     = "The Power of Prolog",
    howpublished = "\url{http://www.swi-prolog.org/man/clpfd.html}",
    year     = "2020"
}
